@article{faust2018prm,
  title={{PRM-RL: Long-range robotic navigation tasks by combining reinforcement learning and sampling-based planning}},
  author={Faust, Alexandre and Oslund, Kevin and Ramirez, Oscar and Francis, Anthony and Tapia, Luis and Fiser, Matthias and Davidson, James},
  howpublished={arXiv preprint arXiv:1805.07869},
  year={2018}
}

@inproceedings{tai2017virtual,
  title={{Virtual-to-real deep reinforcement learning: Continuous control of mobile robots for mapless navigation}},
  author={Tai, Lei and Paolo, Giuseppe and Liu, Ming},
  booktitle={2017 IEEE/RSJ International Conference on Intelligent Robots and Systems (IROS)},
  pages={31--36},
  year={2017},
  organization={IEEE}
}

@inproceedings{pfeiffer2017perception,
  title={{From perception to decision: A data-driven approach to end-to-end motion planning for autonomous ground robots}},
  author={Pfeiffer, Mark and Schaeuble, Michael and Nieto, Juan and Siegwart, Roland and Cadena, Cesar},
  booktitle={2017 IEEE International Conference on Robotics and Automation (ICRA)},
  pages={1527--1533},
  year={2017},
  organization={IEEE}
}

@article{faust2018automated,used
  title={{Automated learning of robust navigation policies for dynamic human environments using LfD and RL}},
  author={Faust, Alexandre and Ramirez, Oscar and Tapia, Luis and Sanchez, Alejandro and Oslund, Kevin and Francis, Anthony and Davidson, Jim},
  journal={Journal of Intelligent & Robotic Systems},
  volume={91},
  number={3},
  pages={455--467},
  year={2018},
  publisher={Springer}
}

@article{tzeng2017adapting,
  author    = {Tzeng, E. and Devin, C. and Hoffman, J.},
  title     = {Adapting Deep Visuomotor Representations with Weak Pairwise Constraints},
  journal   = {arXiv:1511.07111},
  year      = {2017},
  month     = {May},
  note      = {Under submission}
}

@article{SchulmanWDRK17,
  author       = {John Schulman, Filip Wolski, Prafulla Dhariwal, Alec Radford, Oleg Klimov},
  title        = {Proximal Policy Optimization Algorithms},
  journal      = {CoRR},
  volume       = {abs/1707.06347},
  year         = {2017},
  eprinttype    = {arXiv},
}